<?xml version="1.0" encoding="UTF-8"?><collection xmlns="http://www.loc.gov/MARC21/slim"><record><leader>00333nam--2200121-i-4500</leader><controlfield tag="001">000006481</controlfield><controlfield tag="002">20161230</controlfield><controlfield tag="005">20161230201026</controlfield><controlfield tag="008">060222s1000------------r-----000-0-eng-d</controlfield><datafield ind1=" " ind2=" " tag="100"><subfield code="a">Boukis Sotos D</subfield></datafield><datafield ind1=" " ind2=" " tag="245"><subfield code="a">Greece and atomic energy</subfield></datafield><datafield ind1=" " ind2=" " tag="260"><subfield code="a">Athens, External Relations Dept.Greek Atomic Energy Commission, 1962 34 P</subfield></datafield><datafield ind1=" " ind2=" " tag="852"><subfield code="a">19092</subfield></datafield></record></collection>